<?xml version="1.0" encoding="UTF-8"?>
<record xmlns="http://www.loc.gov/MARC21/slim">
   <leader>00853cam a22002055  4500</leader>
   <controlfield tag="001">2788394</controlfield>
   <controlfield tag="003">NjP</controlfield>
   <controlfield tag="005">20171013181132.0</controlfield>
   <controlfield tag="008">991123s1952    ua            000 0 ara d</controlfield>
   <datafield tag="024" ind1="7" ind2=" ">
      <subfield code="a">princeton_aco004812</subfield>
      <subfield code="2">local</subfield>
   </datafield>
   <datafield ind1=" " ind2=" " tag="035">
      <subfield code="a">(OCoLC)ocm42877397</subfield>
   </datafield>
   <datafield ind1=" " ind2=" " tag="035">
      <subfield code="9">CNJ7479TS</subfield>
   </datafield>
   <datafield ind1=" " ind2=" " tag="040">
      <subfield code="a">PUL</subfield>
      <subfield code="c">PUL</subfield>
   </datafield>
   <datafield ind1="1" ind2=" " tag="110">
      <subfield code="a">Egypt.</subfield>
      <subfield code="b">Wizārat al-Tarbiyah wa-al-Taʻlīm.</subfield>
      <subfield code="0">http://id.loc.gov/authorities/names/n80056969</subfield>
   </datafield>
   <datafield ind1="0" ind2="0" tag="245">
      <subfield code="a">Taqrīr ʻan taṭawwur al-taʻlīm fī Miṣr fī al-ʻām al-dirāsī 1951-1952.</subfield>
   </datafield>
   <datafield ind1=" " ind2=" " tag="260">
      <subfield code="a">[Cairo]</subfield>
      <subfield code="b">Wizārat al-Maʻārif al-ʻUmūmīyah, al-Murāqabah al-ʻĀmmah lil-Mashrūʻāt wa-al-Iḥṣāʾ,</subfield>
      <subfield code="c">1952.</subfield>
   </datafield>
   <datafield ind1=" " ind2=" " tag="300">
      <subfield code="a">30 p.</subfield>
      <subfield code="c">24 cm.</subfield>
   </datafield>
   <datafield ind1=" " ind2=" " tag="546">
      <subfield code="a">In Arabic.</subfield>
   </datafield>
   <datafield ind1=" " ind2="0" tag="650">
      <subfield code="a">Education</subfield>
      <subfield code="z">Egypt.</subfield>
      <subfield code="0">http://id.loc.gov/authorities/subjects/sh91001442</subfield>
   </datafield>
   <datafield ind1=" " ind2=" " tag="945">
      <subfield code="a">F</subfield>
      <subfield code="b">1</subfield>
      <subfield code="c">2269.313.388</subfield>
   </datafield>
   <datafield ind1=" " ind2=" " tag="911">
      <subfield code="a">20000130</subfield>
   </datafield>
   <datafield ind1="0" ind2="0" tag="852">
      <subfield code="0">3099359</subfield>
      <subfield code="b">rcppa</subfield>
      <subfield code="t">1</subfield>
      <subfield code="h">LA1646</subfield>
      <subfield code="i">.E395 1952</subfield>
      <subfield code="x">tr fr nec</subfield>
   </datafield>
   <datafield ind1=" " ind2=" " tag="959">
      <subfield code="a">2009-06-29 16:19:19 -0500</subfield>
   </datafield>
</record>
